@ARTICLE{7126919, 
author={D. López-Pérez and M. Ding and H. Claussen and A. H. Jafari}, 
journal={IEEE Communications Surveys Tutorials}, 
title={Towards 1 Gbps/UE in Cellular Systems: Understanding Ultra-Dense Small Cell Deployments}, 
year={2015}, 
volume={17}, 
number={4}, 
pages={2078-2101}, 
keywords={cellular radio;telecommunication traffic;cellular systems;extreme densification;indoor small cells;macrocells;network capacity;network densification;spectral efficiency enhancement techniques;traffic demands;ultra dense small cell deployments;Antenna measurements;Cost benefit analysis;Interference;MIMO;Macrocell networks;Mobile computing;OFDM;Throughput;Tutorials;Macrocell;antenna;capacity;co-channel deployment;cost-effectiveness;densification;energy;frequency;heterogeneous network;interference;orthogonal deployment;small cell;ultra-dense deployment}, 
doi={10.1109/COMST.2015.2439636}, 
ISSN={1553-877X}, 
month={Fourthquarter},}

@ARTICLE{stream_vid, 
author={Dapeng Wu and Y. T. Hou and Wenwu Zhu and Ya-Qin Zhang and J. M. Peha}, 
journal={IEEE Transactions on Circuits and Systems for Video Technology}, 
title={Streaming video over the Internet: approaches and directions}, 
year={2001}, 
volume={11}, 
number={3}, 
pages={282-300}, 
keywords={Internet;data compression;multimedia communication;protocols;quality of service;reviews;telecommunication congestion control;video coding;video servers;Internet streaming video;application-layer QoS control;bandwidth requirements;best-effort Internet;congestion control;continuous media distribution services;delay requirements;loss requirements;media synchronization mechanisms;multimedia information;quality of service;real-time video transmission;research directions;streaming media protocols;streaming servers;video compression;video multicast;Bandwidth;Delay;Explosives;Propagation losses;Protocols;Quality of service;Streaming media;Video compression;Web and internet services;Web server}, 
doi={10.1109/76.911156}, 
ISSN={1051-8215}, 
month={Mar},}

@ONLINE {youtube,
    author = "Youtube",
    title  = "Youtube - Recommended video bitrates for uploads",
    url    = "https://support.google.com/youtube/answer/1722171?hl=en"
}